
@inproceedings{deeks2018,
  title={Finite Blocklength Rates over a Fading Channel with CSIT and CSIR},
  author={Deekshith, PK and Sharma, Vinod},
  booktitle={2018 IEEE International Conference on Communications (ICC)},
  pages={1--7},
  year={2018},
  organization={IEEE}
}

@inproceedings{mycon1,
	title={Finite blocklength achievable rates for energy harvesting AWGN channels with infinite buffer},
	author={Shenoy, K Gautam and Sharma, Vinod},
	booktitle={Information Theory (ISIT), 2016 IEEE International Symposium on},
	pages={465--469},
	year={2016},
	organization={IEEE}
}

@article{PPV1,
	title={Channel coding rate in the finite blocklength regime},
	author={Polyanskiy, Yury and Poor, H Vincent and Verd{\'u}, Sergio},
	journal={IEEE Transactions on Information Theory},
	volume={56},
	number={5},
	pages={2307--2359},
	year={2010},
	publisher={IEEE}
}

@article{Tan1,
	title={Non-asymptotic achievable rates for energy-harvesting channels using save-and-transmit},
	author={Fong, Silas L and Tan, Vincent YF and Yang, Jing},
	journal={IEEE Journal on Selected Areas in Communications},
	number={99},
	year={2015},
	publisher={IEEE}
}

@article{TanF2,
	title={On achievable rates of AWGN energy-harvesting channels with block energy arrival and non-vanishing error probabilities},
	author={Fong, Silas L and Tan, Vincent YF and {\"O}zg{\"u}r, Ayfer},
	journal={IEEE Transactions on Information Theory},
	volume={64},
	number={3},
	pages={2038--2064},
	year={2018},
	publisher={IEEE}
}

@inproceedings{polyf,
	title={Scalar coherent fading channel: Dispersion analysis},
	author={Polyanskiy, Yury and Verd{\'u}, Sergio},
	booktitle={Information Theory Proceedings (ISIT), 2011 IEEE International Symposium on},
	pages={2959--2963},
	year={2011},
	organization={IEEE}
}